@online{tdd_productivity,
	author = {•},
	title = {•},
	year = {•},
	url = {https://www.sciencedirect.com/science/article/pii/S0950584903002040#aep-section-id36},
	OPTsubtitle = {•},
	OPTtitleaddon = {•},
	OPTlanguage = {•},
	OPTversion = {•},
	OPTnote = {•},
	OPTorganization = {•},
	OPTdate = {•},
	OPTmonth = {•},
	OPTaddendum = {•},
	OPTpubstate = {•},
	OPTurldate = {•}
}
