@online{doom_network,
  author = {id Software},
  title = {Doom 1997 source code: network tic},
  year = 1997,
  url = {https://github.com/id-Software/DOOM/blob/master/linuxdoom-1.10/d_ticcmd.h},
  urldate = {2010-09-30}
}