@Book{doom_network,
  title     = {The Restaurant at the End of the Universe},
  author    = {Douglas Adams},
  series    = {The Hitchhiker's Guide to the Galaxy},
  publisher = {Pan Macmillan},
  year      = {1980},
}

